@Article{Rosten:2006,
  author =   {E. Rosten and T. Drummond},
  title =    {Machine learning for high-speed corner detection},
  journal =  {European Conference on Computer Vision},
  year =     2006
}

@Article{Rosten:2005,
  author =   {E. Rosten and T. Drummond},
  title =    {Fusing points and lines for high performance tracking},
  journal =  {IEEE International Conference on Computer Vision},
  year =     2005
}

@Article{Pietikainen:2010,
  author =   {M. Pietikainen},
  title =    {Local Binary Pattern},
  journal =  {Scholarpedia},
  year =     2010
}


@Article{Viola:2010,
  author =   {P. Viola, M. Jones},
  title =    {. Rapid Object Detection using a Boosted Cascade of Simple Features},
  journal =  {Cambridge},
  year =     2001
}

@Article{Friedman:2000,
  author =   {J. Friedman, T. Hastie, R. Tibshiani},
  title =    {Additive Logistic Regression: A Statistical View of Boosting},
  journal =  {Stanford University},
  year =     2000
}

@Article{Criministi:2011,
  author =   {A. Criminisi, J. Shotton, and E. Konukoglu },
  title =    {Decision Forests for Classification, Regression, Density Estimation, Manifold Learning and Semi-Supervised Learning},
  journal =  {Microsoft Research Cambridge},
  year =     2011
}

@Article{Bodnar,
  author =   {P. Bodnar, L. Nyul},
  title =    {Barcode detection with uniform prtitioning and distance tranformation},
  journal =  {Univerity of Szeged},
}
